2929 3475
2398 303 122 52 43

214 225 2303 163 chauffant dans ses bras de toute sa

220 393 2257 136 jeunesse, en lui soufflant dans des bai-

249 547 2277 148 sers sa vie à elle. Et son regret im-

205 689 2373 208 mense d'être partie, d'avoir obei. Donc

260 836 2295 206 ⟦⟧ lors de son depart, une lettre d'abnè-

257 999 2249 205 gation entre elle et lui et lui la fai-

231 1158 2277 226 sant obeir. - a la fin, je veux qu'elle

202 1334 2260 221 n'ait pas l'argent de Maxime. Cette

208 1497 2300 191 sauvage à Paris, dans le petit hotel de

202 1650 2289 223 l'avenue du bois de Boulogne. Ce sera

156 1859 2312 176 une femme, ou mieux encore Saccard,

159 2035 2335 197 directement ou par une femme, qui

159 2189 2326 223 aura la fortune de Maxime. Cela sans

147 2331 2263 240 doute après le depart de Clotilde. Je

147 2551 2289 197 ⟦⟧veux qu'elle ne reste guere plus

611 2655 556 93 deux mois

133 2690 2312 229 de ⟦six mois⟧ six semaines à Paris, le

124 2835 2216 246 temps de s'apercevoir de sa grossesse.

394 3058 2117 191 c'est, derriere son dos, après la mort
