2929 3475
2413 173 179 177 44

240 260 2318 159 de Pascale que Maxime mourra à son

263 425 2312 148 tour, en laissant tout à son père pas

234 593 2353 154 une femme. - D'autre part, pour que

223 726 2361 218 Clotilde ait quelque chose, je la fais insti

252 900 2242 183 tuer sa légataire universelle par le

231 1071 2324 156 docteur Pascal. Elle a donc la maison, et

249 1222 2280 185 elle a en outre une petite rente de

269 1392 2216 200 trois mille francs, que le docteur a

324 1581 2283 179 cru perdre et que son ami, un avoué

307 1740 2227 191 lui sauve. Je ferai un personnage de

249 1899 2291 186 cet ami, qui est a créer et qui sera

249 2047 2303 179 un intime de la maison. Il sera bon

252 2229 2227 151 d'y avoir un confident, un temoin

237 2349 2242 196 a opposer à Felicité. Le ferai-je un

225 2542 2246 162 amoureux toujours muet de Clotilde -

243 2657 2294 209 En tous cas, le chercher le brin poser.

263 2849 2187 165 Et etudier la situation pecuniaire

246 3005 2262 157 du docteur a fond. Comment il vit

217 3141 2300 171 au debut, et plus tard. Ce que vaut la
