2929 3475
2488 156 90 101 48

1816 222 429 203 Poser les deux

321 249 2167 173 I. - Pascal travaille, classe, avec Clotilde. ⟦⟧ .- Il

1602 376 370 84 tout Plassans

521 379 1982 162 Il va piler. Félicité arrive, la poser ainsi que la servante -

541 469 1944 176 Elle endoctrine Clotilde qui prend la clef sur l’armoire -

527 556 495 170 Pascal entre.

292 654 2280 206 II.- Pascal médecin, son dada, une tournée avec Clotilde, posant

524 802 2083 171 les piqûres et leurs effets. La maison aussi et la situation

501 909 2077 133 Alchimie du XIXe siècle. ⟦L’épisode de Macquart.⟧

234 1120 2327 142 III. - Arrivée de Maxime. Visite aux Tulettes Tante Dide

504 1245 2091 142 et Charles, toute la descendance. Maxime offre à Clotilde

501 1366 2083 142 sa sœur de l’emmener. Refus. ⟦le mariage sans doute⟧

214 1598 2364 151 IV.- Le chapitre qui prépare le résumé des dossiers. Dans la

504 1720 1999 147 maison, situation pécuniaire reprise. Sur le pied

501 1833 2028 144 de guerre avec Clotilde, les tortures du savant. Toute l’analyse

501 1917 2031 168 de Clotilde croyante, science combattue par la légende. La

495 1998 2066 165 savante qu’il a faite et la dévote. Préparer la scène des dossiers.

185 2073 2387 191 V.- Toute la scène des dossiers. Elle à demi nue. Amour

509 2226 2072 165 inconscient. Il la force à les reclasser. Le grand résu-

489 2354 1147 110 superbe de ma série

179 2429 2382 180 VI.- Il était content de ne pas en être. Et il est frappé

535 2565 1956 145 de neurasthénie. Peur de son hérédité, peur de

556 2693 1987 118 la folie. Et Clotilde le soigne. – Folie persécutrice

533 2785 1680 139 et des grandeurs. Des gens viennent se faire soigne

179 2858 2332 182 VII.- Le don de Clotilde. Le mariage va avoir lieu. – a la

541 2994 2011 127 suite d’une scène avec Félicité, elle se donne, la science l’emporte

538 3098 2034 127 sur le mysticisme, la vie triomphe. Lui a rêvé cet amour, il

538 3194 1501 98 il la repousse. Elle se donne volontairement.
