2929 3475
2393 141 127 105 49

197 254 2309 131 VIII.- La possession, l’idylle heureuse. Dedans, dans le jar-

541 364 1918 125 din, promenade. David et Abigaïl. Le roi puissant

538 480 1884 119 dehors. Pascal guérit de sa neurasthénie. Ne veut plus guérir.

541 564 1962 119 Tout est bien peut-être. Seulement contre la souffrance. La bonne

544 648 1637 104 Félicité. – Les cadeaux faits, la folie du don.

173 700 2370 168 IX.- Dans une promenade, épisode de Macquart brûlé. Félici-

562 834 1888 130 te a vu et a filé. Puis l’épisode de Tante Dide et de

567 935 1258 127 Charles. Préparer la fuite du notaire.

941 1039 1576 130 À quoi bon guérir, rien que contre la souffrance.

162 1120 2364 122 X.- L’amour continue, mais dans la misère. La catastrophe,

547 1219 1935 127 la rente perdue, famine. Et cela dans la maison. Puis

547 1334 2034 125 Puis l’aumône au dehors, de porte en porte, et le repas du

541 1442 1901 127 soir, du pain sec, puis le cadeau royal de son corps.

118 1578 2353 156 XI.- Le drame. Pascal, pauvre et vieux, voulant sauver

541 1702 1956 136 de lui Clotilde. Maxime a écrit. Félicité pousse au départ.

550 1809 1840 125 Clotilde veut rester et se dévouer. Mais Pascal ment, se

530 1925 1625 116 se dévoue, altruisme. Lutte. Clotilde, grosse du commencement de septembre, part déchirée.

112 2018 2446 159 XIII. - Pascal seul, en loup. Maladie accidentelle, très douloureuse.

515 2140 1956 141 La souffrance même acceptée : peut-être la faut-il. Toute la

512 2255 2005 128 maladie, avec l’ami. Torture du savant. Comment il peut écrire

504 2354 1842 113 a Clot - Toute la mort annoncée et suivie. La mort.

107 2446 2370 142 XIII.- Arrivée de Clotilde. Ses regrets devant le corps. Elle

466 2594 2013 113 l’ensevelit, le veille. Les papiers qu’on brûle à côté

1674 2551 785 95 Félicité et la servante.

518 2693 1979 127 Elle arrive quand les dossiers brûlent les derniers. Elle

489 2785 562 128 chasse Félicité.

84 2855 2416 185 XIV. - Épilogue. Clotilde accouchée dans la petite maison avec

1373 2837 834 99 la petite rente retrouvée

472 2988 2034 153 son enfant. La fête de Félicité triomphante. – Et l’éternité

466 3086 2037 171 de la vie, l’enfant qui tête. Le résumé de la série qui re-

408 3170 2086 145 vient, ce qui en reste avec les dossiers brûlés. À l’enfant inconnu.
