3057 3475
2738 176 113 110 2

495 260 2356 171 que le docteur Pascal fût un clairvoyant,

524 428 2318 156 qu’il vît tout le mal, puisqu’il classe

536 561 2271 217 les tares et les maux, qu’il n’eût pas

509 706 2284 206 en somme l’optimisme aveugle, decla

486 848 2295 223 rant l’homme naturellement bon.

509 1028 2316 196 Non, pas d’illusion consolante : l’hom-

521 1175 2211 209 me tel qu’il est, tel que le milieu

559 1332 2248 202 l’a fait ; et pourtant le docteur aime

570 1497 2156 191 tout ce qui est par amour de la

567 1618 2214 238 vie, par admiration des forces vitales.

538 1795 2159 191 Il sait tout, et il admire, il aime

478 1974 2329 174 quand méme. Donc, s’il est clairvoyant

492 2151 2220 191 il faut le faire aussi bon, juste et

518 2334 2263 176 gai. La bonté et la gaieté venant,

483 2507 2275 180 non de la santé – car je le ferai sans

469 2672 2248 163 doute malade, – mais venant de la

475 2840 2222 157 passion même de la vie. – ⟦⟧D’a

504 3020 2231 168 la passion de la vie, et tout
