3057 3475
2662 159 137 147 3

469 251 2260 148 en découle : la bonté, la gaieté, sur-

489 402 2200 145 tout l’altruisme, l’amour des autres.

475 541 2211 174 On nous a refusé l’attendrissement,

475 689 2248 191 la fraternité, la sensibilité, la sympa-

449 836 2190 192 thie, et je prétends, moi, que nos

463 993 2336 188 livres en débordent, sous leur compo-

460 1172 2260 180 sition correcte. Je veux donc que le

449 1332 2271 170 dernier livre de la série soit un

431 1488 2237 151 résumé sensible de toute cette bonté,

434 1636 2312 208 cette sympathie éparse. Le faire sur-

452 1812 2150 160 tout débordant d’abnégation et de

449 1937 550 150 tendresse.

724 2134 1991 162 Mais il faudra surtout rendre

457 2307 2182 157 cela sensible dans l’intrigue, car les

423 2478 2280 186 dissertations sont bien froides d’or-

431 2649 2211 197 dinaire – Il faudra chercher le petit

408 2861 2327 153 roman nécessaire, le plus simple pos-

428 3017 2226 182 sible. Si je mets l'action en 1872
