3057 3475
2729 185 84 127 4

524 249 2202 194 le docteur Pascal n'a que 59 ans. Ce

495 448 2199 168 Ce n'est donc pas un vieillard,  et je puis

530 608 2130 165 parfaitement le faire aimer encore. Très

533 773 2266 156 conservé, maigre et vert. Je n'ai à mettre

527 929 2263 174 chez lui, de la famille, que Clotilde sa

518 1132 2147 165 nièce, qui aurait 25 ans. Je ne

486 1317 2252 148 vois pas trop à nouer une  intrigue

472 1447 2269 168 entre eux. Il a accueilli la petite en

454 1621 2240 177 en 52, lorsqu'elle avait cinq ans. Elle a

486 1812 2179 171 donc grandi chez lui, élevée par une

475 1977 2251 154 sorte de dame de compagnie dont

472 2148 2222 180 le type est à créer. ⟦⟧ Comme je

469 2334 2269 173 veux faire le type du savant tour-

460 2525 2324 191 menté par sa famille, je n'ai guère

466 2722 2318 176 que ces deux femmes, pour torturer

452 2884 2095 182 mon savant ; et elles ne sont pas

443 3058 2240 176 pas directement siennes, ⟦à moins⟧
