3057 3475
2651 176 165 154 5

486 254 2130 197 L'une est simplement sa nièce,

437 414 2420 202 l'autre une étrangère , ancienne servante

423 596 2257 171 qui a fini par prendre une bonne.

443 758 2237 200 Je ne crois pas qu'il faut en faire la

417 900 2248 220 servante maitresse ayant couché. Les

420 1100 2358 171 Les deux femmes jetées dans la dévotion, une

420 1245 2315 220 étroite pratique de province. Peut-être

431 1439 2243 185 derrière elles, non pas un curé, mais

417 1598 2263 194 un laïque sectaire, qui les pousse. Et

405 1804 2266 165 Et je crois bien que je vais être amené

405 1969 2243 133 à faire un amour ⟦entre⟧ d'automne

402 2125 2269 162 le brusque renouveau du docteur Pascal

414 2316 2211 162 pour une jeune fille, une amie de

370 2473 2382 214 Clotilde, plus jeune d'un an, vingt-quatre

367 2675 2371 171 ans. Si je n'ai pas cela, je n'ai rien.

394 2852 2263 182 -C'est très delicat ⟦en⟧ a employer, et

394 3034 2225 203 il faut beaucoup y reflechir. Irai-je
