3057 3475
2648 173 159 174 6

492 295 2110 159 jusqu'à faire coucher Marie avec le

538 469 2321 165 docteur. Je la vois volontiers ⟦⟧ riche, d'une

498 622 2309 183 femme très honorée vaguement noble peut-

507 790 2205 171 être, voisine de la petite maison du

489 929 2263 197 docteur pouvant aspirer à tout. Elle est

483 1109 2246 188 courtisée, elle pourrait épouser un jeune

469 1262 2312 197 homme riche; et elle se donne pas a

469 1447 2289 200 pas au docteur. D'abord amie de

440 1601 2315 200 Clotilde tout le caractére de ⟦g⟧ Clotilde

446 1792 2309 185 à créer; d'ailleurs, Marie , religieuse,

466 1966 2330 179 avec Clotilde. Et peu à peu comment

472 2151 2335 151 elle en vient à aimer passionnément

466 2284 2257 183 docteur. Elle est instruite, elle lui

481 2473 2318 191 sert de secretaire. La vie commune.

478 2649 2280 186 Comment ces choses peuvent se pas-

425 2826 2368 182 ser dans ce milieu. D'autre part la

466 3023 2272 168 passion peu à peu grandissante du
