3057 3475
2639 156 136 185 7

391 182 2355 197 docteur pour elle. Il faut que ce soit

379 370 2405 174 partagé; et alors l'antagonisme entre

396 538 2342 148 Clotilde et Marie. A la mort du docteur

405 686 2202 171 la lutte, Marie arrivant trop tard,

411 854 2301 208 lorsque les papiers sont brûlés. L'expli-

402 1054 2278 153 cation entre les deux femmes – Avant

402 1213 2373 174 cela une première explication, Clotilde

391 1369 2393 188 insultant Marie à cause de des pretendus

388 1543 2385 182 rapports entre son oncle et elle – Faut-il

402 1740 2289 148 faire coudrer dans une scène suprême,

411 1902 2321 194 très delicate; et alors il y aurait un

417 2108 2315 162 enfant, cela finirait sur cet enfant,

408 2276 2388 179 la continuation de la vie, tout recom-

434 2470 2301 162 mençant sans cesse. - Je vois volontier

420 2620 2245 157 le docteur au bras de Marie, tout blanc

417 2782 2321 163 mais vif et solide encore, comme un vieux

370 2924 2316 180 roi, au bras d'une jeune fille soumise

391 3078 2234 179 et en admiration. Il faudra la creer
