3044 3475
2632 150 122 151 8

440 251 2337 177 très ⟦⟧ simple, elle, se donnant tout

434 402 2360 200 entiere par veritable tendresse. Et c'est

417 584 2328 197 lui qui lutte et qui la repousse. –

390 767 2349 200 Pour méler les divers episode, faire

431 932 2175 174 qu'il la mène dans sa course et

408 1114 2300 160 qu'elle se passionne de plus en plus

408 1253 2314 209 pour lui en voyant sa bonté, la

431 1392 2387 232 tendresse large qu'il a pour toute

440 1566 2357 185 l'humanite, bien qu'il soit clair-

417 1746 2343 191 voyant – N'importe, je ⟦⟧ n'aurais

437 1919 2265 194 le livre que lorsque j'aurai décidé

434 2067 2198 185 s'ils couchent ensemble. - Ca m'a l'air

419 2235 2320 197 petit de finir la serie sur cet enfant

414 2409 2296 153 a naitre. Et pourtant ca pourrait

385 2554 2392 185 être grand il faudrait voir. Par exemple

411 2727 2242 139 le docteur est mort Marie n'a pu que

390 2887 2294 176 sauver quelques papiers, du debris informe

419 3046 2199 168 dont, elle ne peut rien faire. D'ailleurs
