3044 3475
2628 173 97 249 9

330 234 2291 136 qu'y avait-il là, rien peut-être, du

338 376 2274 148 revasseries de savant. Et elle a eu la

338 535 2265 154 petite maison pour tout heritage, elle

376 689 2300 168 y accouche ( tout cela très delicat)

356 836 2401 194 Et l'enfant, un garcon, ressemblant beau-

315 1007 2401 174 coup au docteur. Alors finir par une

1390 1135 1216 142 soit levée pour la premiere

356 1172 2282 177 scène de relevailles, soit dans le lit,

330 1306 2137 217 ⟦avec⟧ allaitant son enfant

370 1462 2248 214 et songeant sur lui. L'eternité de

356 1604 2302 231 la vie, et la bonté trempant tout.

324 1786 2378 229 Sur l'heredité. Une serie sur l'héré-

356 1986 2239 203 dité, une peut finir que sur une

318 2151 2358 206 naissance. Qu'apportes-tu petit être?

327 2328 2392 185 Tu continues la vie. Et la serie des

362 2490 2224 194 ancêtres, les parents, là, dans les dos-

373 2693 2233 142 siers, à demi consumés. La vie se

385 2858 2253 136 moquent de nos théories, elle con-

425 3017 2138 159 tinue son œuvre, elle se propage
