3044 3475
425 237 2251 142 malgré tout, et elle est bonne quant

2114 350 313 150 l'effort.

434 399 2314 154 meme, parce qu'elle l'action le mou-

428 553 2222 182 vement. Une grande scène très calme,

434 706 2349 171 dans une pure matinée, avec toute

440 842 2308 177 la terre qui renait. "A l'enfant inconnu,

408 1054 2401 130 comme au Dieu inconnu. Malgré toute

431 1198 2274 183 que j’aurai montrée, malgré

431 1366 2346 157 tous les abominables personnages qui se

405 1514 2401 154 promènent dans ma série, en voikà en-

399 1685 2326 150 core un, je ne crains pas d’en créer

399 1824 2285 171 encore un. Et quel sera-t-il ? Je

417 1948 2293 220 l’ignore, la mère l’ignore. Mais il

385 2145 2337 189 faut le croire bon, puisque la nature,

414 2316 2320 194 malgré tous les bandits qu’elle crée, ne se

428 2473 2294 194 lasse pas de créer, dans l’espoir sans

408 2614 2282 212 doute que les bons viendront. – Cette

425 2817 2288 174 scène finale pourrait donc avoir sa

466 2994 2230 176 grandeur, son défi, un nouvel être

2658 153 76 119 10
