3044 3475
2516 133 142 130 11

335 225 2326 154 de la race des ⟦M⟧Rougon-Macquart,

379 388 2239 153 et de la joie et de l’espoir, malgré,

396 544 2283 162 tout à sa ⟦gen⟧ naissance, malgré

379 700 2320 151 terribles dossiers dont les debris sont

376 865 2323 145 là. La vie continue, recommence, c’est

388 1025 2276 179 l’idée de la série. Quitte à faire des

338 1172 2202 183 monstres, il faut créer quand

333 1340 2392 177 même. – Puis, peut-être, grâce à un

321 1491 2384 177 moyen, les idées sur l’hérédité, l’é-

362 1662 2340 165 quilibre se rétablissant par la diffu-

376 1821 2329 171 sion, l’humanité reprenant une

353 2006 1599 136 moyenne, un niveau, etc.

654 2168 2016 189 Mais il faut encore examiner

364 2342 2280 168 comment la liaison de Marie et

315 2496 2381 211 du docteur se produira. Elle pourrait

333 2719 2322 156 ⟦amener⟧ avoir lieu par un mariage

431 2872 2213 142 je ne crois pas pourtant. Ce serait

396 3017 2254 182 bien embourgeoiser choses. J'ai-
