3044 3475
2583 150 153 177 12

434 301 2285 162 merais mieux une autre Marie que

448 448 2306 154 ue celle que j'ai créée. Une Marie sauvée

463 608 2247 153 par le docteur, dans une circonstance

451 741 2309 208 dramatique, ayant pourtant une petite

422 912 2257 185 rente pour vivre ; et installée chez lui,

362 1071 2392 220 voir dans quelles conditions . Elle a vingt

393 1216 2338 278 ans, il veut la marier, surtout quand

437 1352 2204 272 il sent qu'il l'aime et la desire.

399 1508 2274 261 Mais elle ne veut pas du jeune homme

385 1653 2250 258 tout cela très délicat, et comment elle

382 1818 2299 249 aime le docteur. Toute l'idylle en-

376 1972 2343 254 tre eux,  tenant une partie du ⟦⟧ volu-

396 2177 2077 212 me : les phases, amour ignoré, ils

393 2348 2309 214 s'entent qu'ils s'aiment le mariage

364 2528 2193 199 projeté, puis écarté, l'amour en

356 2684 2239 214 plein, le don et la possession, la

359 2866 2143 200 mort du docteur, la naissance de

376 3011 2340 206 l'enfant. Cela doit tenir le ⟦volu⟧ livre
