3006 3475
2513 159 162 139 13

304 240 2215 139 mêlé aux autres épisodes —

350 385 2233 165 D'un autre côté , j'ai Clotilde et la

347 538 2221 188 gouvernante. Ne pas oublier que ⟦⟧

353 695 2189 173 ce sont elles qui doivent torturer le

344 836 2279 200 savant. Faut-il marier Clotilde ? non?

393 1022 2074 162 je ne le crois pas. Cette torture doit

367 1164 2138 202 ⟦être⟧ avoir sa place très large ⟦dans⟧ et

379 1320 2279 200 il faut en tenir compte dans la ten-

367 1445 2201 214 dresse entre le docteur et Marie. C'est

364 1624 2181 177 parce qu'il est torturé chez lui que

376 1789 2201 185 le docteur se met a aimer plus ar-

321 1934 2331 226 demment. Au debut, il faudrait qu'il

295 2116 2328 247 ait aussi Marie contre lui endoctrinée

312 2307 2323 197 par les deux autres. Ce savant au milieu

306 2461 2311 237 de trois femmes doit trouver quelque

272 2652 2261 177 chose d'interessant. Donc, ce ne sera

301 2840 2232 162 que peu à peu que Marie se mettra

243 3023 2285 159 avec lui : pas commode. Et plus tard
