3006 3475
2606 153 130 133 14

457 191 2210 162 l'hostilité commencera entre Clotilde

451 350 2195 168 et Marie. Une scène, une explication.

422 515 2195 156 C'est là où, sentant qu'il l'aime, le

434 657 2244 182 le docteur voudra marier Marie. Le ma-

408 802 2163 194 riage manqué, Marie quittant la

382 961 1876 182 maison ⟦⟧, allant habiter seule –

735 1178 1882 156 Tout cela ne se règle pas très

393 1323 2245 171 bien, et le point grave me parait être

399 1497 2279 153 d'accommoder les tortures qu'on impose

376 1670 2215 171 au docteur, avec la joie qu'il doit é-

396 1835 2236 137 prouver à être aimé de Marie.

419 1983 2178 177 Il faudrait d'abord élucider cela.

431 2160 2282 139 Si le docteur est torturé pendant tout

417 2307 2255 154 le tiers du milieu, il pourrait avoir

402 2470 2239 182 une consolation ensuite, et mourir

367 2675 2291 160 dans une nouvelle torture qu'on

356 2840 2322 171 lui ferait. Je veux dire que d'abord

338 3023 2300 150 je le montrerai en but à toutes les
