3006 3475
2583 133 150 162 16

399 208 2262 180 naissance de l'enfant qui termine.

573 414 2154 176 Je songe à une chose, c'est que

379 596 2360 180 je n'ai pas besoin de Marie. Clotilde

382 784 2296 206 me suffit. Elle a vingt-quatre, vingt-

390 981 2294 214 cinq an. Mais j'en ferai un type

405 1149 2210 197 tres enfantin, elle n'en paraitra pas

388 1314 2308 186 plus de vingt. Son oncle l'aura élevé

379 1502 2311 252 avec une vieille servante très bigote,

393 1694 2297 225 qui aura mis l'enfant dans la religion,

379 1844 2311 255 un temperament de mystique; tandis

388 2024 2293 246 que lui aura fait son education,

390 2203 2245 191 en laissant une partie de l'au dela

388 2391 2319 212 entrer dans cette âme (ce qui pour-

390 2574 2311 165 ra me donner l'etude du moment

385 2742 2299 185 l'evolution mystique contre la science).

356 2901 2285 197 Et elle grandit et se passionne

347 3063 2317 183 pour lui. Il est longtemps sans le
