3006 3475
2476 139 165 205 2

335 266 2245 151 voir. Elle est même d'abord une

347 437 2256 162 torture pour lui ; puis, une circon-

338 596 2161 185 stance ⟦qui⟧ dans laquelle il lui

312 755 2152 157 dit tout, une scène et la voilà

315 932 2326 156 retournée son cri d'⟦⟧ amour qui

289 1085 2326 186 lui echappe et lui tremblant. Alors

315 1279 2346 171 son analyse a lui devant cette jeunesse

321 1410 2230 202 qui s'offre, ses luttes, puis il cede,

298 1575 2212 197 et cette idylle merveilleuse. Abigail

295 1749 2244 185 et  David, la jeunesse ⟦et l'ag⟧ rechauf-

298 1911 2256 176 fant l'homme a son declin, tout ce

298 2085 2212 176 qu'il y a à dire. La clarté anonce

333 2252 2296 186 la punission. Puis un drame pré-

315 2441 2184 168 cedant la mort le docteur forcé

315 2614 2271 192 sans doute de se separer de Clotilde

309 2820 2184 188 toujours pour les dossiers, pour 14

292 3014 2305 174 travaux de savants. – Et moi j'y suis,

330 3136 903 124 oh ! Toi, Toi ! –
