3006 3475
2533 136 157 150 18

640 301 2030 202 Cela fai que je voudrais arriver

376 500 2236 154 au plus petit nombre de personnage

388 645 2316 197 possible, et s'il y avait moyen, tous

364 836 2248 160 pris dans la famille. J'ai donc

379 1010 2291 174 le docteur Pascal, Clotilde, la bonne

370 1216 2291 185 qui l a élevée, – J'aurai donc ces trois

373 1401 2140 128 personnes toujours en scène, drame à

361 1531 2300 160 trois. Et derrière j'aurai simplement

373 1656 2140 214 Felicité, la femme de Pierre Rougon,

330 1841 2195 177 le salon jaune, son mari est mort,

333 2009 2322 203 elle a 80 ans passés. Elle régne à Plassans

315 2180 2195 180 et c'est elle ⟦⟧ qui est l'ennemi du

350 2336 2152 180 docteur, qui voudrait détruire le

359 2484 2227 200 dossier. L'orgueil de ce qu'a été

347 2649 2241 191 la famille, elle souffre de savoir ⟦le⟧

356 2826 2198 182 ⟦q⟧ a quel travail se livre le docteur

347 3014 2175 188 Elle voudrait l'aneantir. Ne pas
