3006 3475
2458 133 157 226 19

350 257 2236 171 faire cela trop complot de Rodin.

350 428 2285 171 Elle est aussi contre la science, devenue

370 602 2245 211 très religieuse (avec du prêtre der-

333 758 2180 203 rière elle, mais ne va pas manger du

353 935 2244 179 prête. Et elle a la vielle servante

335 1103 2146 179 dans la main, devenue dame de

347 1256 2131 186 compagnie; et elle veut catechiser

330 1381 2285 298 Clotilde l'employer contre le docteur.

295 1557 2221 221 Un instant Clotilde le navre, est

312 1769 2265 177 contre lui. puis, le superbe revire-

283 1917 2323 199 ment qui emporte tout. Faire dé-

309 2067 2210 232 border la tendresse, l'altruisme.

312 2252 2169 194 Idylle du docteur. Tourments. La

286 2423 2314 197 mort et les papiers brulés, et l'enfant

292 2588 652 165 qui nait.

613 2733 1880 151 Comme episode j'ai la mort

298 2866 2259 212 du vieil Antoine Macquart, par

309 3063 2233 189 combustion spontanée. Et j'ai
