3006 3475
2536 173 119 128 20

376 237 2085 151 aussi  la vieille Adelaide Fouque

361 385 2196 176 aux Tulettes. Elle a 104 an, elle

367 556 2210 205 est folle depuis 1851, donc depuis

356 747 2319 194 ⟦⟧21 ans, Mais je voudrais mettre

367 903 2245 180 en face d'elle, dans une scène Charles,

373 1054 2189 205 le fils de Rougon, qui a 15 ans et

367 1242 2259 217 qui doit être la dernière expres-

364 1404 2117 226 sion de l'epuisement d'une race.

356 1572 2270 240 Il faudrait qu'il fut aussi inter-

350 1775 2285 211 né aux Tulettes. On l'a envoyé là

353 1934 2215 214 bas au docteur, et il a dû le placer

390 2111 2065 185 là. A étudier. Voir comment il

356 2276 2256 185 faudrait les faire finir. Tante Dide

390 2446 2149 177 etrangle-t-elle Charles, pour mourir

364 2641 2155 141 ensuite. Ou bien les laisserai-je

370 2788 2216 191 vivre ? J'aime assez l'etranglement.

364 2953 2242 148 On les laisse ensemble l'aïeule et

379 3115 2250 165 l'arrière petit fils : celui-ci jouant
