3006 3475
2461 135 145 148 21

301 237 2259 156 aux osselets pendant des heures. Un jeu

292 399 2181 145 ensemble. ⟦Puis⟧Elle n'a plus guère sa

292 547 2236 153 tete, elle se souvient parfois. Puis

286 715 2311 179 un jour. On trouve le petit  etrangle

315 836 2175 174 et elle sur son lit, roide. Elle ne

327 1004 2233 168 ne répond plus , n'a plus que les yeux de

309 1172 2242 154 vivants . Et elle se laisse mourir.

266 1323 2212 206 J'obtiendrai ca en deux scènes,

278 1526 2276 136 une première, une visite du docteur

298 1662 2175 185 et de Clotilde, où je poserai les

321 1833 2169 173 choses, et une autre visite, où

327 1992 2212 191 il trouveront le petit mort, et

324 2174 2285 212 la vieille, rigide, avec les yeux fixer.

474 2368 2106 157 De même pour Antoine Macquart

356 2530 2128 160 Je le montre dans son bouge ( le

341 2693 2221 156 prendre dans la Conquête de Plassans)

327 2852 2282 165 Le docteur aime à causer avec lui,

364 3031 2123 180 va le voir seul ou avec Clotilde.
