3006 3475
417 218 2174 230 Donc des visites , posant tout de côté

376 440 2299 214 de la famille et continuer l'antagonis-

390 602 2178 208 me  avec Félicité, Macquart contre elle

393 750 2268 243 dans ⟦⟧ l'action des dossiers. Elle trouve

361 903 2259 243 aussi qu'il est la honte de la famille,

353 1083 2270 234 voudrait bien le supprimer. Et c'est

390 1239 2288 232 elle qui peut être pour quelque chose

385 1387 2285 223 dans la combustion spontanée. Elle

396 1557 2271 221 arrive comme il commence à brûler

411 1705 2230 267 referme la porte , puis revient, ra-

376 1931 2189 182 mène le docteur, quand tout est

390 2076 2300 203 fini. La belle mort : le vieux Mac-

393 2273 2239 197 quart envolé rien qu'un petit tas

402 2452 2175 168 de cendre et la pipe. Mais aux

402 2623 2279 183 murs un suint horrible, une fu-

405 2777 2236 211 mée grasse et jaune , du cadavre en-

367 2953 2152 220 volé. – Felicité ne mourra pas

379 3127 2270 191 quand Tante Dide, Charles Macquart
