3006 3475
2461 141 171 163 23

333 222 2108 160 le docteur lui-même sont morts,

298 359 2305 223 elle triomphe, elle croit avoir anéan

254 532 2317 189 ti les papiers, anéanti la science, et

306 692 2216 214 elle donne une fête. Elle triomphe

304 865 2229 238 dans la ville. Résumer là ou

295 1048 2265 234 ailleurs ce qui reste de la famille.

257 1242 2308 205 Bien entendu, la scène de Clotilde

263 1433 2227 211 accouchée et de l’enfant termine

280 1633 1923 185 quand même le volume.

495 1812 2085 206 De cette Facon, je n'ai guère

266 1986 2331 223 que des personnages ⟦importants⟧ ap-

234 2160 2297 203 partenant à la famille, du moins

263 2342 2297 183 les importants. Sauf la bonne –

330 2504 2276 206 Il me faudra sans doute aussi un

240 2710 2221 165 jeune homme, celui que Felicité

220 2878 2308 156 veut faire epouser à Clotilde pour la

194 3017 2357 177 detacher du docteur, l'avoir tout à elle.

231 3173 2282 157 Une intrigue plus ou moins cléricale.
