3006 3475
2513 153 154 171 24

637 312 1917 180 Tout cela va bien, mais je ne

417 437 2093 226 vois pas encore bien comment je

370 567 2126 255 rendrai le docteur Pascal très bon,

417 741 2177 240 Très altruiste plein de pitié pour

405 903 2250 229 l'humanité souffrante. Il n'exerce

399 1077 2239 234 plus, ⟦mais⟧ s'est refugié dans la science,

408 1239 2102 217 en original, avec une toute petite

405 1395 2175 232 fortune que je reglerai. Il est bon

414 1557 2215 241 vis à vis de Tante Dide et de Charles

419 1702 2114 235 et vis à vis de Macquart, même

373 1864 2224 244 vis à vis de Felicité à laquelle il

356 2050 2261 231 n'en veut point. Sa pitié infi-

344 2203 2276 235 nie vis à vis des maux de sa famille

344 2363 2285 228 et du monde entier. Mais tout cela

335 2548 2193 220 est général et un fait particulier

324 2716 2328 211 sera excellent. Ce fait ne peut guère être

335 2884 2274 174 que vis à vis de Charles. pour resserer

330 3029 2328 194 l'action. Il l'a pris chez lui, longtemps.

341 3182 2172 145 et s'il ne l'a pas gardé, c'est à cause
