3006 3475
2467 159 142 156 25

275 243 2348 171 de Clotilde, car le petit avait des vices, dire

251 388 2364 199 cela légèrement. La grosse pensé que cela lui

269 527 2299 211 fait. Mettre en lui le regret de ne pas

275 663 2218 234 s'être marié, le regret de l'enfant : ce

330 828 2163 214 qui sera une explication dans son

292 978 2233 217 amour pour Clotilde. Et des faits encore,

283 1126 2178 235 des malheureux soignés, des secours portés

286 1271 1098 197 des pardons toujours.

570 1459 1926 165 Mais surtout incarner dans le

260 1607 2271 217 docteur ce que je veux faire exprimer

263 1783 2239 186 à toute ma série. Il connait

249 1954 2305 180 la vie , il en a fouillé, il en a dit

246 2119 2201 188 toute l'abomination ; et il ne l'en

257 2310 2343 194 aime pas moins : l'amour de la vie,

222 2481 2300 203 de la santé, de la sainte énergie, de

240 2664 2322 185 la force. Quand même, malgré son pes-

231 2829 2352 171 simisme apparent , sa brutalité par-

251 3008 2280 186 fois, sa facon d'appeler les choses par
