3006 3475
2533 293 146 24 26

376 199 2233 197 leur nom, en faire un bon et

344 364 2326 209 un gai, un bien portant. Il faut

344 544 2271 188 que ce soit un cantique à la vie ,

344 692 2314 220 un cri de santé quand même, d'es-

335 831 2242 223 poir en l'avenir. S'il a tout dit

350 987 2233 240 le noir et l'abominable, c'est en

330 1164 2311 223 professeur qui étale le cadavre hu-

333 1346 2293 223 main, c'est en guérisseur aussi

364 1529 2274 234 qui espére que ⟦l'a lorsq⟧la seule

379 1734 2273 203 façon de tenter un jour la gueri-

382 1882 2183 220 son, c'est d'abord de bien con-

373 2067 2210 203 naitre la plaie. De tout ce mal

382 2241 2247 208 etale. il doit sortire une impres-

361 2429 2126 217 sion de confiance forte d'espoir

359 2585 2273 261 Un brutal tendre. – Et la joie qui

376 2774 2192 228 lui apporte la possession de Clotilde.

361 2971 2256 188 C'est un renouveau sur le tard, c'est
