3006 3475
2481 176 139 122 27

338 260 2285 177 une nouvelle jeunesse qui lui arrive,

347 422 2291 177 ⟦Une⟧ L'éternité de la vie. Cela l'atten-

347 590 2042 162 drit et le rend encore meilleur.

333 744 2140 173 Tout son rêve de prince élevant à

353 912 2337 159 à lui une petite mendiante inconnue

359 1085 2247 212 qui passe. – ⟦Puis⟧Cette jeunesse qui

350 1262 2241 159 lui vient, après toute la constata-

382 1433 2123 165 tion le l'abominable et du mal,

321 1624 2221 180 c'est encore la foi à la vie, à la

330 1815 2195 165 santé, à la force, au renouveau

298 1954 2244 212 continuel de la nature. - Et trou

353 2171 2007 177 le drame qui le sépare de

327 2371 2062 177 Clotilde, de facon à ce que sa

309 2548 2239 194 sa bonté , sa pitié pour la souffrance

304 2730 2232 203 humaine, son altruisme, y écla-

289 2895 307 171 tent.

590 3081 1877 176 Il faut que je mette un animal
