3006 3475
2519 144 171 171 28

445 220 2193 220 la dedans, quelque animal qui dévelop-

399 385 2271 185 pe la tendresse. – Comme nous som-

396 556 2137 211 mes en 72, je rappellerai la guerre,

390 732 2184 197 je mettrai un mot du relèvement ,

385 880 2276 252 de la revanche fatale, – mais un mot

370 1074 432 148 discret.

616 1256 1952 151 Voir ce que je puis obtenir avec

379 1398 2288 191 le côté scientifique. Je fais de mon docteur

361 1578 2259 145 un original, avec des parties de génie.

335 1723 2233 173 Donc, il faut que je lui donne une

347 1890 2291 142 idée, un coup de génie. Ce pourrait

353 2041 2270 159 être ce dont de Fleury m’a parlé,

367 2197 2224 163 les injections de substance nerveuse.

327 2386 2149 156 Il pile de la substance nerveuse de

312 2557 2326 139 mouton, cervelle, cervelet, moelle, cen-

304 2722 2313 150 tre nerveux : il pile dans un mortier,

266 2863 2299 166 avec de l'eau distillée, puis il⟦phi⟧ filtre,

292 3034 2334 180 filtre en feutre . Cela ⟦est très⟧ fait un
