3006 3475
2374 321 169 48 29

269 280 2227 171 ⟦ft⟧liquide très dangereux à cause des

286 428 2259 171 impuretés, les microbes, et en outre les

272 582 2299 150 parcelles qui peuvent amener des embo-

289 723 2204 177 lies. Lorsqu'il se met à soigner des

251 889 2245 165 malades avec cela, il peut donner de

272 1045 2282 165 la fièvre (à cause des impuretés), et il

243 1216 2374 153 peut même tuer deux ou trois clients

243 1378 2288 153 La fièvre qu'il leur donne, les secoue, et

234 1540 2407 162 il croit ⟦⟧ qu'ils vont mieux. - Même

234 1691 2372 176 sous la peau d'un sujet irritable et co-

231 1847 2265 151 lère, l'excitant calme, à cause de la force

228 1998 2250 185 de résistance qu'il lui fait déployer. La

222 2177 2294 159 force, c'est pouvoir resister aux im-

234 2325 2288 156 pulsions. Ou donne donc de la volonté-

341 2513 2233 139 Le docteur peut avoir l'espoir de guerir

225 2675 2323 151 des clients par les injections. C'est pour

194 2817 2383 203 cela qu'il va aux Tulettes. – Il veut

217 3031 2345 171 donc guérir dans toute la première
