3006 3475
2458 167 183 157 30

338 278 2271 162 partie du livre, la foi d'un apôtre.

335 445 2265 157 Puis ensuite, il peut s'apercevoir

304 602 2319 176 que tout est bien. Qu'est-ce qu'il va

309 778 2256 157 faire là, pourquoi cette alchimie du

309 944 2340 196 XIXe siècle. Allons-nous faire du bien, du

315 1114 2216 189 mal ? Allons-nous tuer genie⟦⟧:

318 1308 2210 177 qu'est-ce que nous allons donc faire

324 1462 2314 237 là ? Le doute du médecin qui craint

295 1662 2256 194 de déranger la besogne de la nature,

312 1821 2323 246 l'évolution fatale des êtres ; et le scepticisme

298 2006 2186 180 vient, il ne garde que sa bonté, son

324 2113 263 139 besoin

269 2177 2372 165 ⟦désir⟧invincible de soulager la souffrance

263 2342 2250 197 physique : c'est sa dernière faiblesse, il

263 2519 2346 179 il ne peut pas voir souffrir. Mais l'idée

257 2710 2305 159 que la nature est bonne quand même.

295 2892 2126 142 – Donc, si j'ai mon médecin en

269 3026 2299 217 deux parties, d'abord cherchant, grâce
