3006 3475
2476 165 121 144 32

324 251 2288 218 de son idée fixe, son espoir de guérir

309 402 2253 188 tous les maux ;  et il ne s'élève

306 558 2277 235 au doute philosophique, à son respect

278 726 2302 232 de la nature au point de ne pas la

263 889 2334 196 changer, que lorsqu'il aime et est ai-

249 1068 2360 214 mé. L'analyse de cela n'est pas en-

254 1274 2366 165 core bien claire, mais evidemment

251 1424 2320 217 c'est là qu'il faut chercher, pour

249 1621 2229 162 que la passion du docteur et de

295 1789 2311 157 Clotilde ait un contrecoup sur l'e-

283 1966 2303 139 volution du médecin et du savant.

263 2134 2227 171 – Naturellement, dans les griefs de

1737 2261 148 151 fils

251 2287 2170 171 Felicité contre son ⟦beau frère⟧, se

269 2461 2215 148 trouvent ce dada, cette médication

263 2646 2337 154 par les injections que la province ne

237 2803 2282 165 comprend pas et qui font causer.

260 2947 2262 142 Elle l'accuse de tuer tout le monde.

254 3104 2268 153 Bien donner au docteur la passion
