3006 3475
2458 150 171 177 33

301 246 2290 162 des pauvres bougres, c'est eux qu'il

304 388 2270 176 soigne, et son ⟦⟧ désespoir quand il

301 579 860 127 en tue un.

599 695 1862 196 Mais il y a toute une autre

254 868 2314 183 partie, côté science. C’est l’attitude

266 1039 2262 171 du docteur devant sa famille. Lui, s’est

263 1222 2218 121 sondé, a examiné son cas sous toutes

272 1378 2256 151 les faces, et s’est trouvé indemne. Cas

272 1543 2163 130 d’innéité ( l’innéité commode,

272 1691 2325 165 en ce sens qu’elle permet de tout introduire

263 1847 2334 174 dans le problème). Il est très content

263 1998 2302 197 de ne pas en être. (Ne pas oublier

289 2177 2276 177 aussi l’étude qu’il a faite de Clotilde.

231 2342 2302 171 Ce qu’il trouve en elle : cela me sera

214 2516 2348 174 donné par les besoins du personnage.)

243 2675 2302 168 Il se trouve donc très chic ; et je puis alors

222 2814 2346 194 le faire frapper, par autre chose, le surme-

217 2976 2340 163 nage , le travail ; il devient neurasthénique,

225 3121 2268 148 la grande névrose, la névrose spinale,
