3006 3475
2429 156 212 182 34

304 249 2224 162 un défaut de nutrition du système

309 425 2314 151 nerveux central. Il devient d'une fai-

309 573 2335 200 blesse irritable, se réveille plus fatigué qu'il

278 747 2229 156 qu'il ne s'est ⟦⟧ couché ( est frappé d'une

283 906 2320 159 demi impuissance, cela serait excellent

254 1045 2390 162 à dire en termes discrets, et ce serait

249 1181 2348 214 l'amour de Clotilde qui referait de lui

292 1358 2230 173 un homme ). Dans son amour pour

275 1497 2334 188 Clotilde, tout le passé qui s'éveille, il voit

254 1636 2317 194 qu'il l'a aimée, qu'il l'a désirée de

1882 1786 727 162 les larmes - faciles

295 1812 2308 203 tout temps. – Je continue : il digère mal ,

292 1966 2285 211 plus de vin. Mais surtout la peur

309 2111 2242 223 la peur le prend de ressembler à sa famille

275 2281 2201 212 et d'aller à la folie, à la paralysie

275 2461 2311 185 générale : le drame est là, car il tombe

269 2629 2325 197 très malade , c'est Clotilde qui le soigne

269 2814 2192 139 pas au lit, car il ne se couche pas,

263 2947 2285 142 il s'enferme quand il se couche ( tout

289 3078 2210 176 cela très chaste ), et elle n'a que des
