3006 3475
2383 156 194 168 35

234 246 2230 185 soins au dehors, toute la partie du

208 414 2004 179 drame aboutissant à l'amour,

246 582 2267 185 à la guérison de cette neurasthénie, et

202 778 2245 186 j'arrive à l'idylle, à la passion

220 932 2331 211 de la jeunesse pour pour l'âge, au renou-

263 1103 2311 200 veau de celui-ci. Il faudrait que

222 1259 2271 203 ce soit alors qu'il sorte de son idée

217 1416 2319 225 de sauver, de guérir l'humanité,

214 1586 2262 209 pour arriver à cette pensée plus

254 1749 2164 191 large que tout est bien peut-être

205 1899 2276 220 et qu'on aurait tort de changer

222 2073 2285 217 les choses. Pourtant, pour ne pas

185 2276 2317 194 avoir un ciel sans mélange⟦à la⟧

170 2418 2326 257 ⟦fin⟧pendant la passion, il faut

196 2623 2335 240 lui donner quelque rechute, quelque

225 2806 2216 208 crainte de la folie dans son

211 3017 2305 182 bonheur. Et j'arrive ainsi à sa
