3006 3475
2441 147 197 200 36

275 246 2313 173 mort; mais il ne meurt ni de son

304 411 2305 194 hérédité, ni de sa neurasthenie. Il

289 599 2213 156 mourra d'une maladie accidentelle,

321 747 2273 208 à choisir, fluxion de poitrine, fièvre

289 938 2291 176 quelconque. Choisir la maladie de fa-

318 1112 2279 144 con à ce que le docteur puisse mou-

367 1216 994 113 en souffrant beaucoup

289 1268 2181 139 rir bravement, en décrivant ⟦les sy⟧

301 1421 2235 160 marche de la mort qui l'envahit.

272 1592 2328 162 Cela, ne pas l'oublier, dans le drame

269 1775 2250 182 qui l'a séparé de Clotilde, car je ne

298 1937 2267 205 voudrais pas qu'elle fut la, quand

286 2099 2305 153 il mourra. Il s'adresserait à un ami

280 2270 2204 133 a un élève ; et il aurait une mort

269 2435 2285 156 ⟦gr⟧crane, ne mourant ni de son

315 2588 1564 160 hérédité, ni de sa peur.
