2929 3475
2343 194 238 249 37

460 324 2043 165 Il me faudrait autre chose pour

254 515 2214 159 corser un peu l'action. Et cette autre chose

228 718 2228 127 devra servir pour amener le drame qui

223 848 2283 165 sépare Pascal de Clotilde. Il faut chercher

231 1039 2173 151 ce qui peut les séparer. Ce doit être

211 1207 2251 168 forcément quelque chose de grave, pas

205 1390 2353 162 pas une question d'intérêt, mais par exem-

228 1566 2185 174 ple un devoir à remplir. Envers

225 1754 2301 165 qui Clotilde peut-elle avoir un devoir

225 1928 2170 177 à remplir. Envers son père mourant,

234 2113 2248 163 Saccard, cela serait raide, car jamais

220 2279 2175 176 il ne s'est occupé d'elle. Envers son

217 2452 2231 180 frère Maxime, cela est tout aussi peu

228 2658 2220 145 interessant. Et en dehors de cela, je ne

173 2843 2370 159 voir par d'autres parents. J'amerais mieux

168 3011 2097 177 encore Maxime, que son pére, car je

191 3150 2236 174 pourrais encore l'amener à Plassans, après
