2929 3475
2462 153 183 156 38

295 222 2303 206 la guerre (il etait, dans l'Argent, allé en Italie

278 434 2280 148 pour laisser condamner son père ; et il est

269 579 2228 168 revenu à Paris, de plus en plus sage et se

266 744 2254 194 soignant. Une singulière idée qui lui

254 923 2312 133 est venue de voir Charles, et il vien, et

266 1100 2332 168 il la voit et il en a peur.Le faire pris

278 1262 2294 142 de la terreur de la solitude. Sa soeur le

254 1442 2327 136 charme, pourquoi ne l'emmenerait-il

249 1607 2349 171 pas à la place du petit ? Il la garderait

269 1775 2303 156 à Paris, cela mettrait une femme dans

252 1957 2317 139 sa maison, surtout si elle ne veut pas se

228 2108 2295 165 marier ; et il lui laisserait sa fortune.

214 2293 2297 174 Pourquoi n'y va-t-elle pas? Pascal

237 2470 2257 173 malgré sa peine, l'y pousse, mais elle

228 2652 2309 156 refus. – Ce serait alors, au moment du

231 2797 2277 162 drame, Pascal qui, reveillé de son idylle,

240 2959 2309 182 voyant bien que si Clotilde reste avec lui,

240 3127 2280 139 elle est deconsidérée, au ban de toute la ville
