2929 3475
2372 165 223 182 39

205 208 2367 188 et sans un sou, la pousse a aller retrou-

208 364 2353 203 ver son frére. Pour cela il faudrait que

191 529 2396 174 chez le docteur, il y eut un drame de l'ar-

179 709 2376 153 gent ; il c'est ruiné par ses experiences,

197 868 2384 162 et comme il ne gagne rien, n'exercant

205 1007 2251 154 plus, il est de plus en plus a court

205 1172 2245 148 d'argent. Il a des economies, mais il

211 1329 2295 142 les dépenses en cadeaux, au début de son

225 1476 2307 177 idylle, parant Clotilde, la voulant comme

182 1659 2199 159 une reine. Jusque là le menage de ce

191 1812 2262 183 vieux garcon ⟦qui⟧est allé très petit-

173 1989 2338 151 vient, ⟦pericl⟧ et il periclite tout d'un

208 2145 2141 154 coup. La misére brusque eclatant chez

162 2284 2332 168 lui en même temps que le scandalle. Il

170 2438 2243 185 trouve un jour Clotilde pleurant d'une

150 2597 2347 211 insulte, tandis qu'il, le soir, ils doivent

124 2768 2234 206 manger du pain sec. Son reveil. Il

153 2930 2350 174 travaillera, il se remttra à la medecine.

217 3081 2265 171 L'idée d'epouser Clotilde lui vient aussi.
