2929 3475
2488 208 148 72 40

289 208 2318 171 Mais faire qu'en attendant tout cela,

266 382 2150 191 il se dévoue, prefere souffrir, envoyer

275 541 2254 200 clotilde ⟦passer⟧ chez son frère. Il lui jure

278 695 2312 170 de la rappeler, mais il est bien décidé

309 860 2257 176 à la laisser la bas, à se faire oublier

301 1019 2248 174 à mourir seul dans son coin ( c'est là

272 1178 2294 183 ou éclate sa bonté, son altruisme car

272 1337 2283 189 il se sacrifie, se voyant vieux et pauvre,

281 1502 2190 166 esperant qu'elle l'oubliera, qu'elle sera

307 1659 2256 162 dotée par son frére et qu'elle aura la belle

304 1830 2297 165 vie que merite sa beauté.) Bien montrer

275 2001 2251 144 que c'est sous la persecution continue

286 2151 2330 162 qu'il en arrive là. La misère, la brusque

281 2319 2320 151 comprehension de sa vieillesse à cause de cette

307 2481 2280 168 jeunesse) Et, d'autre part, le devoir de Clotil-

286 2638 2251 185 de. Il faudrait que Maxime l'appela à

266 2791 2240 180 lui, dans un cas grave. Il est devenu

269 2953 2265 217 impotent, ataxique ( hérédité à creer).

301 3113 2161 182 ⟦Lui⟧ Le docteur a ⟦pus⟧ pu pronostiquer
