2929 3475
2410 254 119 47 41

202 214 2266 145 cela, et quand il envoie Clotilde pres de

220 356 2335 168 Maxime, c'est qu'il sait qu'elle heritera

214 506 2219 171 bientot. Il faut donc que Maxime soit

208 683 2242 156 déjà près quand il vient à Plassans

208 857 2266 179 inquiet, voulant quelqu'un auprès de

228 1007 2289 186 lui. Pascal le sonde d'un coup d'oeil, voit

156 1184 2384 174 ce qui en est. Et quand il envoie Clotilde

191 1340 2268 186 il sait donc qu'elle ne soignera pas son

208 1497 2335 191 frère longtemps, qu'elle heritera sans doute,

202 1647 2234 212 et il espère qu'ayant pris gout à la

228 1804 2312 176 vie de Paris, elle restera la bas, se ma-

197 1966 2181 174 riera aura la vie qu'elle merite, sa

194 2113 2355 177 beauté, sa jeunesse, et non celle qu'il lui

179 2261 2344 177 reserve, lui, vieux et pauvre. Il se devoue

168 2429 2364 165 donc à elle un mensonge, car il la renvoie

214 2600 2239 156 presque; tandis qu'elle voudrait se dé-

173 2759 2350 160 vouer à lui rester près de son père a, aller

150 2919 2327 133 marcher par la route, en le menant par

159 3055 2329 188 la main, puis le soir le rechauffer de ses
