2929 3475
2459 141 142 157 42

263 240 2327 139 baiser lui donner ses baisers jeunes.

260 390 2211 166 Et cela, il faut même que je l'aie

260 573 2190 150 dans un chapitre : ⟦et⟧ il va pour

257 732 2275 142 emprunter une voie, de droite et de

286 891 2286 163 gauche et elle l'accompagne, et quand

281 1059 2317 148 ils n'ont rien eu, qu'il rentre se par-

275 1219 2288 156 tager une croute, elle le console par

278 1369 2213 188 la beauté, son corps jeune : jamais

272 1537 2291 148 elle n'a été si belle que ce soir-là

286 1696 2263 174 Le butin de jeunesse qu'elle lui donne

301 1876 2149 148 et que de rien lui envierait. – Ce

286 2056 2304 168 n' est qu'après qu'ils luttent de devoue-

254 2221 2257 176 ment et qu'il l'emporte. – Quand

257 2400 2196 154 elle revient, son regret immense,

252 2580 2259 144 pourquoi n'est-elle pas restée ? il ne

199 2724 2246 168 serait pas mort, elle l'aurait tant

211 2890 2329 144 aimé, elle l'aurait gueri en le pre-

205 3055 2350 162 nant chaque soir dans ses bras, en le ré-
